@online{youtube_video,
	author  = {Badr Laajali},
	title   = {NoCode : Créez vos propres Agents IA facilement !},
	year    = {2024},
	url     = {https://www.youtube.com/watch?v=3Qw05WHYBuM},
	urldate = {2025-02-28},
	note    = {Vidéo YouTube},
}



% Exemples :
@article{article_example,
	author  = {Dupont, Jean and Martin, Paul},
	title   = {Titre de l'article},
	journal = {Revue des sciences},
	year    = {2023},
	volume  = {15},
	number  = {2},
	pages   = {123--145},
	month   = {mars},
	note    = {Article soumis},
}

@book{book_example,
	author    = {Durand, Sophie},
	title     = {Titre du livre},
	publisher = {Éditions Académiques},
	year      = {2020},
	address   = {Paris, France},
	edition   = {2e édition},
	isbn      = {978-3-16-148410-0},
}

@booklet{booklet_example,
	title        = {Titre du livret},
	author       = {Petit, Louis},
	howpublished = {Disponible en ligne},
	year         = {2019},
	address      = {Lyon, France},
	note         = {Pas d'éditeur officiel},
}

@inbook{inbook_example,
	author    = {Leroy, Anne},
	title     = {Chapitre sur l'informatique},
	chapter   = {3},
	pages     = {50--75},
	booktitle = {Livre de référence sur l'informatique},
	publisher = {Éditions Tech},
	year      = {2018},
	address   = {Paris, France},
}

@incollection{incollection_example,
	author    = {Moreau, Claire},
	title     = {Article sur la robotique},
	booktitle = {Recueil d'articles sur la robotique},
	publisher = {Presses Universitaires},
	year      = {2021},
	editor    = {Benoit, Marc},
	pages     = {101--120},
	address   = {Marseille, France},
	chapter   = {4},
}

@inproceedings{inproceedings_example,
	author       = {Giraud, François},
	title        = {Communication dans les systèmes multi-agents},
	booktitle    = {Actes de la conférence internationale sur l'intelligence artificielle},
	year         = {2022},
	editor       = {Leblanc, Pierre},
	pages        = {55--60},
	address      = {Nice, France},
	organization = {Association Française d'Intelligence Artificielle},
}

@manual{manual_example,
	title        = {Manuel d'utilisation du logiciel X},
	author       = {Société Logicielle},
	organization = {Société Logicielle},
	address      = {Toulouse, France},
	edition      = {3e édition},
	year         = {2021},
	note         = {Documentation technique},
}

@mastersthesis{mastersthesis_example,
	author  = {Bernard, Sophie},
	title   = {Mémoire de Master sur les réseaux de neurones},
	school  = {Université de Lille},
	year    = {2020},
	address = {Lille, France},
	month   = {septembre},
	note    = {Mémoire de Master en informatique},
}

@phdthesis{phdthesis_example,
	author  = {Fournier, Marc},
	title   = {Thèse sur l'apprentissage automatique},
	school  = {Université de Grenoble},
	year    = {2019},
	address = {Grenoble, France},
	month   = {juin},
	note    = {Doctorat en sciences informatiques},
}

@proceedings{proceedings_example,
	title     = {Actes de la conférence sur l'innovation technologique},
	year      = {2021},
	editor    = {Dupuis, Eric},
	publisher = {Éditions Conférence},
	address   = {Strasbourg, France},
}

@techreport{techreport_example,
	author      = {Garnier, Isabelle},
	title       = {Rapport technique sur l'optimisation des algorithmes},
	institution = {Institut National de Recherche en Informatique},
	year        = {2022},
	number      = {IRNI-2022-07},
	address     = {Paris, France},
	type        = {Rapport technique},
	note        = {Version préliminaire},
}

@unpublished{unpublished_example,
	author = {Rousseau, Alain},
	title  = {Manuscrit sur les systèmes dynamiques},
	note   = {Manuscrit non publié},
	year   = {2023},
}

@misc{misc_example,
	author       = {Lemoine, Sophie},
	title        = {Titre du document divers},
	howpublished = {Disponible sur Internet: \url{http://www.exemple.com}},
	year         = {2021},
	note         = {Consulté le 28 février 2025},
}

% Pour BibLaTeX : type @online pour les ressources en ligne
@online{online_example,
	author  = {Dumas, Jean},
	title   = {Article en ligne sur la science des données},
	year    = {2023},
	url     = {http://www.sciencedata.com/article},
	urldate = {2025-02-28},
	note    = {Consulté en ligne},
}

@online{youtube_video_example,
	author  = {Nom de la chaîne ou de l'auteur},
	title   = {Titre de la vidéo},
	year    = {2022},
	url     = {https://www.youtube.com/watch?v=XXXXXX},
	urldate = {2025-02-28},
	note    = {Vidéo YouTube},
}

@patent{patent_example,
	author = {Inventeur, Paul},
	title  = {Système d'intelligence artificielle breveté},
	number = {FR1234567},
	year   = {2024},
	month  = {mars},
	note   = {Brevet déposé auprès de l'INPI},
}

@standard{standard_example,
	title        = {Norme ISO 9001},
	organization = {International Organization for Standardization},
	year         = {2015},
	note         = {Standard international},
}
